@book{vis,
  title={Visualization of Time-Oriented Data},
  author={Wolfgang Aigner and Silvia Miksch and Heidrun Schumann and Christian Tominski},
  isbn={978-0-85729-078-6},
  year={2011},
  pages = {286},
  publisher={Springer}
}

@article{taxonomia,
 author = {Aigner, Wolfgang and Miksch, Silvia and M\"{u}ller, Wolfgang and Schumann, Heidrun and Tominski, Christian},
 title = {Visualizing Time-Oriented Data-A Systematic View},
 journal = {Comput. Graph.},
 issue_date = {June, 2007},
 volume = {31},
 number = {3},
 month = jun,
 year = {2007},
 issn = {0097-8493},
 pages = {401--409},
 publisher = {Pergamon Press, Inc.},
} 


@online{anemone,
title = "Mapping how people use a website, Mappa.Mundi Magazine",
location = "",
publisher = "media.org",
author = "Ben Fry",
year = "2001", 
url = "http://mappa.mundi.net/maps/maps_022/"
}

@book{approach,
  title={Artificial Intelligence: A Modern Approach},
  author={Stuart Russell and Peter Norvig},
  year={2009},
  publisher={Prentice Hall}
}

@book{narrat,
  title={The living handbook of narratology},
  author={H. Porter Abbott, Jan Albert, and Marc Alexander},
  year={2009},
}

@book{novel_writer,
  title={Automatic novel writing: A status report. Technical Report 186},
  author={Klein, Sheldon, et al.},
  year={1973},
  publisher={Computer Science Department, The University of Wisconsin, Madison}
}

@book{talespin,
  title={“Tale-Spin, an interactive program that writes stories.”},
  author={Meehan, James R.},
  year={1977},
  publisher={Proceedings of the Fifth International Joint Conference on Artificial Intelligence}
}

@book{author,
  title={“Story Generation after Tale-Spin.”},
  author={Dehn, Natalie},
  year={1981},
   publisher={Proceedings of the Seventh International Joint Conference on Artificial Intelligence}
}

@book{universe,
  title={“Creating a Story-Telling Universe.”},
  author={Lebowitz, Michael},
  year={1983},
  publisher={Proceedings of the Eighth International Joint Conference on Artiﬁcial Intelligence}
}

@book{minstrel,
  title={Minstrel: a computer model of creativity and storytelling. PhD Dissertation},
  author={Turner, Scott R.},
  year={1993},
  publisher={University of California at Los Angeles, Los Angeles}
}

@book{mexica,
  title={MEXICA: A Computer Model of Creativity in Writing. PhD Dissertation},
  author={Pérez y Pérez, Rafael},
  year={1999},
  publisher={The University of Sussex}
}

@book{brutus,
  title={Artiﬁcial Intelligence and Literary Creativity Inside the Mind of BRUTUS, a Storytelling Machine},
  author={Bringsjord, Selmer and David A. Ferrucci},
  year={1999}
}

@book{fabulist,
  title={“Narrative Planning: Balancing Plot and Character.” },
  author={Riedl, Mark O. and R. Michael Young},
  year={2010},
  publisher={Journal of Artificial Intelligence Research}
}

@online{goap,
title = {Goal Oriented Action Planning for a Smarter AI},
location = {},
author = {Brent Owens},
year = {2014}, 
url = {https://gamedevelopment.tutsplus.com/tutorials/goal-oriented-action-planning-for-a-smarter-ai--cms-20793}
}