@MastersThesis{kovacs2017,
    author     =     {Peter Kovacs},
    title     =     {Learning of object grasping in a robotic system},
    school     =     {Univerzita Komenského v Bratislave},
    address     =     {Slovakia},
    year     =     {2017},
}

@article{kober2013,
  title={Reinforcement learning in robotics: A survey},
  author={Kober, Jens and Bagnell, J Andrew and Peters, Jan},
  journal={The International Journal of Robotics Research},
  volume={32},
  number={11},
  pages={1238--1274},
  year={2013},
  publisher={SAGE Publications Sage UK: London, England}
}

@book{irl,
  title={Interaction is more beneficial in complex reinforcement learning problems than in simple ones},
  author={Chris Stahlhut and Nicolás Navarro-Guerrero and Cornelius Weber and Stefan Wermter},
  year={2015}
}

@inproceedings{veropoulos1999,
  title={Controlling the Sensitivity of Support Vector Machines},
  author={K. Veropoulos and C. Campbell and N. Cristianini},
  booktitle={In Proceedings of the International Joint Conference on Artificial Intelligence},
  year={1999}
}

@article{zhluk_basic,
  title={Unsupervised and semi-supervised clustering: a brief survey},
  author={N. Grira and M. Crucianu and N. Boujemaa},
  journal={A Review of Machine LearningTechniques for Processing Multimedia Content},
  volume={1},
  pages={9--16},
  year={2004},
}

@article{data_concept,
  title={A survey of clustering data mining techniques},
  author={P. Berkhin},
  journal={Grouping multidimensional data},
  pages={25--71},
  year={2006},
  publisher={Springer}
}

@article{unsupervised,
author = {Usama, Muhammad and Qadir, Junaid and Raza, Aunn and Arif, Hunain and Yau, Kok-Lim and Elkhatib, Yehia and Hussain, Amir and Al-Fuqaha, Ala},
year = {2017},
month = {09},
pages = {},
title = {Unsupervised Machine Learning for Networking: Techniques, Applications and Research Challenges}
}

@article{kernels,
  title={Advances in Kernel Methods},
  author={Scholkopf C. and Burges J.C. and Smola A.J.},
  year={1999},
  journal={MIT Press}
}

@article{decision_trees,
  title={Automatic Construction of Decision Trees from Data: A Multi-Disciplinary Survey},
  author={MURTHY SREERAMA K.},
  year={1998},
  journal={Data Mining and Knowledge Discovery 2},
  pages={345--389}
}

@article{nn_training,
  title={Artificial Neural Network Learning: A Comparative Review},
  author={Neocleous C. and Schizac C.},
  year={2002},
  journal={LNAI 2308},
  pages={300--313},
  publisher={Springer-Verlag Berlin Heidelberg}
}

@article{class_review,
  title={Supervised Machine Learning: A Review of Classification Techniques},
  author={Kotsiantis S.B.},
  year={2007},
  journal={Emerging Artificial Intelligence Applications in Computer Engineering},
  publisher={IOS Press}
}

@article{backprop,
  title={Learning representations byback-propagating errors},
  author={Rumelhart D. and Hinton G. and Williams R},
  year={1986},
  journal={Nature},
  pages={533--536}
}

@book{Goodfellow-et-al-2016,
    title={Deep Learning},
    author={Ian Goodfellow and Yoshua Bengio and Aaron Courville},
    publisher={MIT Press},
    note={\url{http://www.deeplearningbook.org}},
    year={2016}
}

@book{handbook,
    title={Handbook of statistical analysis and data mining applications},
    author={Robert Nisbet and John Elder IV and Gary Miner},
    publisher={Academic Press},
    year={2009}
}